<?xml version="1.0" encoding="UTF-8"?>
<!DOCTYPE html PUBLIC "-//W3C//DTD XHTML 1.0 Transitional//EN"
    "http://www.w3.org/TR/xhtml1/DTD/xhtml1-transitional.dtd">
<html xmlns="http://www.w3.org/1999/xhtml" xml:lang="en" lang="en">
 <head>
  <title>
</title>
<meta http-equiv="Content-Type" content="text/html;charset=utf-8" />
  <meta name='ocr-system' content='tesseract 3.04.00' />
  <meta name='ocr-capabilities' content='ocr_page ocr_carea ocr_par ocr_line ocrx_word'/>
</head>
<body>
  <div class='ocr_page' id='page_1' title='image "./josephidobrowsk01dobrgoog_0684.png"; bbox 0 0 3146 5170; ppageno 0'>
   <div class='ocr_carea' id='block_1_1' title="bbox 420 433 1188 548">
    <p class='ocr_par' dir='ltr' id='par_1_1' title="bbox 420 433 1188 548">
     <span class='ocr_line' id='line_1_1' title="bbox 420 433 1188 548; baseline -0.009 -24"><span class='ocrx_word' id='word_1_1' title='bbox 420 445 493 524; x_wconf 83' lang='lat'><strong>616</strong></span> <span class='ocrx_word' id='word_1_2' title='bbox 706 447 793 520; x_wconf 80' lang='lat' dir='ltr'><strong>Pars</strong></span> <span class='ocrx_word' id='word_1_3' title='bbox 821 446 885 520; x_wconf 92' lang='lat' dir='ltr'><strong>lll.</strong></span> <span class='ocrx_word' id='word_1_4' title='bbox 905 433 1067 548; x_wconf 83' lang='lat' dir='ltr'><strong>Synlaxis</strong></span> <span class='ocrx_word' id='word_1_5' title='bbox 1083 445 1188 546; x_wconf 64' lang='lat' dir='ltr'><strong>§.du</strong></span> 
     </span>
    </p>
   </div>
   <div class='ocr_carea' id='block_1_2' title="bbox 290 637 1572 4388">
    <p class='ocr_par' dir='ltr' id='par_1_2' title="bbox 419 637 1571 1468">
     <span class='ocr_line' id='line_1_2' title="bbox 420 637 1522 744; baseline -0.003 -27"><span class='ocrx_word' id='word_1_6' title='bbox 420 641 538 718; x_wconf 90' lang='lat' dir='ltr'><strong>nibus</strong></span> <span class='ocrx_word' id='word_1_7' title='bbox 579 637 895 744; x_wconf 74' lang='lat' dir='ltr'><strong>frequentissime</strong></span> <span class='ocrx_word' id='word_1_8' title='bbox 930 638 1159 718; x_wconf 81' lang='lat' dir='ltr'><strong>Accusativo</strong></span> <span class='ocrx_word' id='word_1_9' title='bbox 1195 665 1219 716; x_wconf 80' lang='lat' dir='ltr'><strong>u</strong></span> <span class='ocrx_word' id='word_1_10' title='bbox 1255 637 1522 715; x_wconf 80' lang='lat' dir='ltr'><strong>substitutum</strong></span> 
     </span>
     <span class='ocr_line' id='line_1_3' title="bbox 419 771 1526 892; baseline -0.003 -35"><span class='ocrx_word' id='word_1_11' title='bbox 419 780 597 884; x_wconf 86' lang='lat' dir='ltr'><strong>legimus.</strong></span> <span class='ocrx_word' id='word_1_12' title='bbox 622 811 671 882; x_wconf 66' lang='lat' dir='ltr'><strong>,aa</strong></span> <span class='ocrx_word' id='word_1_13' title='bbox 706 779 818 858; x_wconf 72' lang='lat' dir='ltr'><strong>aalma</strong></span> <span class='ocrx_word' id='word_1_14' title='bbox 854 807 914 860; x_wconf 79' lang='lat' dir='ltr'><strong>ero</strong></span> <span class='ocrx_word' id='word_1_15' title='bbox 941 771 1173 892; x_wconf 65' lang='lat' dir='ltr'><strong>aagpuutta&#39;a</strong></span> <span class='ocrx_word' id='word_1_16' title='bbox 1193 793 1249 855; x_wconf 90' lang='lat' dir='ltr'><strong>·ut</strong></span> <span class='ocrx_word' id='word_1_17' title='bbox 1282 803 1381 856; x_wconf 89' lang='lat' dir='ltr'><strong>eum</strong></span> <span class='ocrx_word' id='word_1_18' title='bbox 1414 781 1526 880; x_wconf 74' lang='lat' dir='ltr'><strong>prae·</strong></span> 
     </span>
     <span class='ocr_line' id='line_1_4' title="bbox 419 906 1525 1042; baseline -0.006 -42"><span class='ocrx_word' id='word_1_19' title='bbox 419 910 624 1023; x_wconf 72' lang='lat' dir='ltr'><strong>cipitare&#39;nt</strong></span> <span class='ocrx_word' id='word_1_20' title='bbox 647 919 739 998; x_wconf 87' lang='lat' dir='ltr'><strong>Luc.</strong></span> <span class='ocrx_word' id='word_1_21' title='bbox 765 939 808 1009; x_wconf 82' lang='lat' dir='ltr'><strong>o,</strong></span> <span class='ocrx_word' id='word_1_22' title='bbox 834 933 893 1019; x_wconf 75' lang='lat'><strong>29.</strong></span> <span class='ocrx_word' id='word_1_23' title='bbox 919 915 1130 1022; x_wconf 85' lang='lat' dir='ltr'><strong>Codllop.</strong></span> <span class='ocrx_word' id='word_1_24' title='bbox 1156 918 1276 1018; x_wconf 77' lang='lat' dir='ltr'><strong>apro</strong></span> <span class='ocrx_word' id='word_1_25' title='bbox 1294 906 1372 996; x_wconf 73' lang='lat' dir='ltr'><strong>iro.</strong></span> <span class='ocrx_word' id='word_1_26' title='bbox 1399 942 1525 1042; x_wconf 64' lang='lat' dir='ltr'><strong>cupu-</strong></span> 
     </span>
     <span class='ocr_line' id='line_1_5' title="bbox 420 1046 1524 1166; baseline -0.004 -28"><span class='ocrx_word' id='word_1_27' title='bbox 420 1087 465 1138; x_wconf 76' lang='lat' dir='ltr'><strong>nr</strong></span> <span class='ocrx_word' id='word_1_28' title='bbox 490 1087 549 1140; x_wconf 76' lang='lat' dir='ltr'><strong>aro</strong></span> <span class='ocrx_word' id='word_1_29' title='bbox 575 1061 819 1139; x_wconf 82' lang='lat' dir='ltr'><strong>comminuet</strong></span> <span class='ocrx_word' id='word_1_30' title='bbox 834 1085 952 1152; x_wconf 86' lang='lat' dir='ltr'><strong>eum,</strong></span> <span class='ocrx_word' id='word_1_31' title='bbox 978 1063 1072 1138; x_wconf 87' lang='lat' dir='ltr'><strong>Luc.</strong></span> <span class='ocrx_word' id='word_1_32' title='bbox 1090 1046 1166 1150; x_wconf 77' lang='lat'><strong>¹20,</strong></span> <span class='ocrx_word' id='word_1_33' title='bbox 1197 1060 1250 1132; x_wconf 85' lang='lat'><strong>18.</strong></span> <span class='ocrx_word' id='word_1_34' title='bbox 1269 1079 1350 1157; x_wconf 91' lang='lat' dir='ltr'><strong>pro</strong></span> <span class='ocrx_word' id='word_1_35' title='bbox 1379 1083 1524 1166; x_wconf 66' lang='lat' dir='ltr'><strong>carpet·</strong></span> 
     </span>
     <span class='ocr_line' id='line_1_6' title="bbox 419 1193 1571 1316; baseline -0.005 -38"><span class='ocrx_word' id='word_1_36' title='bbox 419 1227 444 1278; x_wconf 81' lang='lat' dir='ltr'><strong>a</strong></span> <span class='ocrx_word' id='word_1_37' title='bbox 471 1198 647 1300; x_wconf 89' lang='lat' dir='ltr'><strong>ejusdem</strong></span> <span class='ocrx_word' id='word_1_38' title='bbox 673 1193 769 1274; x_wconf 90' lang='lat' dir='ltr'><strong>Cod.</strong></span> <span class='ocrx_word' id='word_1_39' title='bbox 794 1196 844 1274; x_wconf 87' lang='lat' dir='ltr'><strong>Et</strong></span> <span class='ocrx_word' id='word_1_40' title='bbox 862 1200 903 1274; x_wconf 90' lang='lat' dir='ltr'><strong>in</strong></span> <span class='ocrx_word' id='word_1_41' title='bbox 945 1197 1085 1307; x_wconf 84' lang='lat' dir='ltr'><strong>plurali</strong></span> <span class='ocrx_word' id='word_1_42' title='bbox 1119 1225 1193 1300; x_wconf 70' lang='lat' dir='ltr'><strong>ax,</strong></span> <span class='ocrx_word' id='word_1_43' title='bbox 1229 1223 1330 1300; x_wconf 70' lang='lat' dir='ltr'><strong>agras</strong></span> <span class='ocrx_word' id='word_1_44' title='bbox 1366 1219 1449 1299; x_wconf 89' lang='lat' dir='ltr'><strong>pro</strong></span> <span class='ocrx_word' id='word_1_45' title='bbox 1475 1221 1523 1286; x_wconf 79' lang='lat' dir='ltr'><strong>n,</strong></span> <span class='ocrx_word' id='word_1_46' title='bbox 1570 1279 1571 1316; x_wconf 22' lang='lat'>³</span> 
     </span>
     <span class='ocr_line' id='line_1_7' title="bbox 419 1322 1571 1468; baseline 0.004 -54"><span class='ocrx_word' id='word_1_47' title='bbox 419 1364 512 1426; x_wconf 67' lang='lat' dir='ltr'><strong>mern</strong></span> <span class='ocrx_word' id='word_1_48' title='bbox 540 1367 621 1428; x_wconf 78' lang='lat' dir='ltr'><strong>aar,</strong></span> <span class='ocrx_word' id='word_1_49' title='bbox 647 1367 705 1419; x_wconf 80' lang='lat' dir='ltr'><strong>aar</strong></span> <span class='ocrx_word' id='word_1_50' title='bbox 728 1361 804 1442; x_wconf 91' lang='lat' dir='ltr'><strong>pro</strong></span> <span class='ocrx_word' id='word_1_51' title='bbox 829 1368 904 1429; x_wconf 80' lang='lat' dir='ltr'><strong>nn,</strong></span> <span class='ocrx_word' id='word_1_52' title='bbox 932 1367 997 1417; x_wconf 84' lang='lat' dir='ltr'><strong>nn.</strong></span> <span class='ocrx_word' id='word_1_53' title='bbox 1103 1431 1111 1468; x_wconf 31' lang='lat' dir='ltr'>x</span> <span class='ocrx_word' id='word_1_54' title='bbox 1524 1322 1527 1332; x_wconf 39' lang='lat'>¹</span> <span class='ocrx_word' id='word_1_55' title='bbox 1570 1337 1571 1350; x_wconf 71' lang='grc'>’</span> 
     </span>
    </p>

    <p class='ocr_par' dir='ltr' id='par_1_3' title="bbox 290 1467 1572 4388">
     <span class='ocr_line' id='line_1_8' title="bbox 517 1467 1520 1584; baseline 0.005 -33"><span class='ocrx_word' id='word_1_56' title='bbox 517 1473 563 1552; x_wconf 89' lang='lat' dir='ltr'><strong>In</strong></span> <span class='ocrx_word' id='word_1_57' title='bbox 581 1479 764 1582; x_wconf 85' lang='lat' dir='ltr'><strong>singulari</strong></span> <span class='ocrx_word' id='word_1_58' title='bbox 785 1481 947 1584; x_wconf 82' lang='lat' dir='ltr'><strong>quidem</strong></span> <span class='ocrx_word' id='word_1_59' title='bbox 966 1467 1064 1556; x_wconf 83' lang='lat' dir='ltr'><strong>usus</strong></span> <span class='ocrx_word' id='word_1_60' title='bbox 1091 1479 1259 1558; x_wconf 83' lang='lat' dir='ltr'><strong>Genitivi</strong></span> <span class='ocrx_word' id='word_1_61' title='bbox 1294 1475 1520 1557; x_wconf 85' lang='lat' dir='ltr'><strong>Substanti-</strong></span> 
     </span>
     <span class='ocr_line' id='line_1_9' title="bbox 314 1603 1519 1709; baseline 0 -15"><span class='ocrx_word' id='word_1_62' title='bbox 314 1603 323 1626; x_wconf 74' lang='lat'>‘</span> <span class='ocrx_word' id='word_1_63' title='bbox 415 1638 559 1694; x_wconf 80' lang='lat' dir='ltr'><strong>vorum</strong></span> <span class='ocrx_word' id='word_1_64' title='bbox 576 1620 907 1709; x_wconf 85' lang='lat' dir='ltr'><strong>masculinorum,</strong></span> <span class='ocrx_word' id='word_1_65' title='bbox 934 1644 1189 1696; x_wconf 86' lang='lat' dir='ltr'><strong>cumeorum</strong></span> <span class='ocrx_word' id='word_1_66' title='bbox 1215 1609 1469 1696; x_wconf 80' lang='lat' dir='ltr'><strong>Accusativus</strong></span> <span class='ocrx_word' id='word_1_67' title='bbox 1494 1643 1519 1694; x_wconf 86' lang='lat' dir='ltr'><strong>a</strong></span> 
     </span>
     <span class='ocr_line' id='line_1_10' title="bbox 414 1721 1518 1859; baseline 0.004 -29"><span class='ocrx_word' id='word_1_68' title='bbox 414 1721 663 1836; x_wconf 79' lang='lat' dir='ltr'><strong>Nominativo</strong></span> <span class='ocrx_word' id='word_1_69' title='bbox 682 1785 765 1836; x_wconf 90' lang='lat' dir='ltr'><strong>non</strong></span> <span class='ocrx_word' id='word_1_70' title='bbox 786 1759 837 1859; x_wconf 89' lang='lat' dir='ltr'><strong>sit</strong></span> <span class='ocrx_word' id='word_1_71' title='bbox 857 1759 1060 1836; x_wconf 87' lang='lat' dir='ltr'><strong>distinctus</strong></span> <span class='ocrx_word' id='word_1_72' title='bbox 1071 1758 1142 1848; x_wconf 93' lang='lat' dir='ltr'><strong>,·in</strong></span> <span class='ocrx_word' id='word_1_73' title='bbox 1163 1758 1351 1836; x_wconf 85' lang='lat' dir='ltr'><strong>omnibus</strong></span> <span class='ocrx_word' id='word_1_74' title='bbox 1380 1757 1518 1834; x_wconf 88' lang='lat' dir='ltr'><strong>dialec-</strong></span> 
     </span>
     <span class='ocr_line' id='line_1_11' title="bbox 410 1894 1520 2001; baseline 0.004 -30"><span class='ocrx_word' id='word_1_75' title='bbox 410 1897 465 1972; x_wconf 81' lang='lat' dir='ltr'><strong>tis</strong></span> <span class='ocrx_word' id='word_1_76' title='bbox 482 1897 663 1990; x_wconf 86' lang='lat' dir='ltr'><strong>invaluit,</strong></span> <span class='ocrx_word' id='word_1_77' title='bbox 676 1914 723 1977; x_wconf 89' lang='lat' dir='ltr'><strong>ut</strong></span> <span class='ocrx_word' id='word_1_78' title='bbox 746 1901 777 1976; x_wconf 92' lang='lat' dir='ltr'><strong>is</strong></span> <span class='ocrx_word' id='word_1_79' title='bbox 797 1899 1046 2001; x_wconf 91' lang='lat' dir='ltr'><strong>omninopro</strong></span> <span class='ocrx_word' id='word_1_80' title='bbox 1072 1899 1214 1975; x_wconf 86' lang='lat' dir='ltr'><strong>vicario</strong></span> <span class='ocrx_word' id='word_1_81' title='bbox 1237 1923 1332 1975; x_wconf 88' lang='lat' dir='ltr'><strong>casu</strong></span> <span class='ocrx_word' id='word_1_82' title='bbox 1350 1894 1520 1975; x_wconf 80' lang='lat' dir='ltr'><strong>Accusa-</strong></span> 
     </span>
     <span class='ocr_line' id='line_1_12' title="bbox 414 2031 1518 2137; baseline 0.007 -31"><span class='ocrx_word' id='word_1_83' title='bbox 414 2032 482 2108; x_wconf 83' lang='lat' dir='ltr'><strong>tivi</strong></span> <span class='ocrx_word' id='word_1_84' title='bbox 509 2035 552 2110; x_wconf 87' lang='lat' dir='ltr'><strong>in</strong></span> <span class='ocrx_word' id='word_1_85' title='bbox 576 2033 732 2135; x_wconf 78' lang='lat' dir='ltr'><strong>Syntaxi</strong></span> <span class='ocrx_word' id='word_1_86' title='bbox 767 2039 852 2136; x_wconf 82' lang='lat' dir='ltr'><strong>jure</strong></span> <span class='ocrx_word' id='word_1_87' title='bbox 885 2038 1087 2114; x_wconf 88' lang='lat' dir='ltr'><strong>habeatur.</strong></span> <span class='ocrx_word' id='word_1_88' title='bbox 1114 2031 1261 2114; x_wconf 84' lang='lat' dir='ltr'><strong>Confer</strong></span> <span class='ocrx_word' id='word_1_89' title='bbox 1295 2035 1337 2112; x_wconf 79' lang='lat' dir='ltr'><strong>P.</strong></span> <span class='ocrx_word' id='word_1_90' title='bbox 1365 2033 1416 2112; x_wconf 80' lang='lat' dir='ltr'><strong>ll</strong></span> <span class='ocrx_word' id='word_1_91' title='bbox 1436 2039 1518 2137; x_wconf 64' lang='lat' dir='ltr'><strong>§.d</strong></span> 
     </span>
     <span class='ocr_line' id='line_1_13' title="bbox 414 2165 1515 2280; baseline 0.006 -33"><span class='ocrx_word' id='word_1_92' title='bbox 414 2165 565 2272; x_wconf 60' lang='lat' dir='ltr'><strong>pullu,</strong></span> <span class='ocrx_word' id='word_1_93' title='bbox 592 2177 623 2273; x_wconf 83' lang='lat'><strong>§.</strong></span> <span class='ocrx_word' id='word_1_94' title='bbox 652 2176 753 2278; x_wconf 67' lang='lat' dir='ltr'><strong>adp.</strong></span> <span class='ocrx_word' id='word_1_95' title='bbox 773 2177 855 2272; x_wconf 71' lang='lat'><strong>491.</strong></span> <span class='ocrx_word' id='word_1_96' title='bbox 882 2185 1105 2280; x_wconf 64' lang='lat' dir='ltr'><strong>altrea-ruga</strong></span> <span class='ocrx_word' id='word_1_97' title='bbox 1132 2203 1156 2253; x_wconf 78' lang='lat' dir='ltr'><strong>a</strong></span> <span class='ocrx_word' id='word_1_98' title='bbox 1183 2205 1360 2279; x_wconf 66' lang='lat' dir='ltr'><strong>gana-saa</strong></span> <span class='ocrx_word' id='word_1_99' title='bbox 1376 2203 1515 2257; x_wconf 70' lang='lat' dir='ltr'><strong>annua·</strong></span> 
     </span>
     <span class='ocr_line' id='line_1_14' title="bbox 328 2303 1518 2422; baseline 0.002 -32"><span class='ocrx_word' id='word_1_100' title='bbox 328 2303 332 2312; x_wconf 74' lang='grc'>’</span> <span class='ocrx_word' id='word_1_101' title='bbox 417 2315 489 2418; x_wconf 60' lang='lat' dir='ltr'><strong>rga</strong></span> <span class='ocrx_word' id='word_1_102' title='bbox 514 2311 626 2420; x_wconf 84' lang='lat' dir='ltr'><strong>Prov.</strong></span> <span class='ocrx_word' id='word_1_103' title='bbox 652 2329 716 2409; x_wconf 72' lang='lat'><strong>22,</strong></span> <span class='ocrx_word' id='word_1_104' title='bbox 740 2329 774 2414; x_wconf 82' lang='lat' dir='ltr'><strong>t).</strong></span> <span class='ocrx_word' id='word_1_105' title='bbox 801 2311 842 2391; x_wconf 91' lang='lat' dir='ltr'><strong>Si</strong></span> <span class='ocrx_word' id='word_1_106' title='bbox 866 2315 944 2392; x_wconf 91' lang='lat' dir='ltr'><strong>hoc</strong></span> <span class='ocrx_word' id='word_1_107' title='bbox 968 2315 1057 2400; x_wconf 86' lang='lat' dir='ltr'><strong>loco</strong></span> <span class='ocrx_word' id='word_1_108' title='bbox 1083 2324 1171 2396; x_wconf 69' lang='lat' dir='ltr'><strong>nto</strong></span> <span class='ocrx_word' id='word_1_109' title='bbox 1197 2343 1282 2422; x_wconf 64' lang='lat' dir='ltr'><strong>rag</strong></span> <span class='ocrx_word' id='word_1_110' title='bbox 1319 2331 1518 2418; x_wconf 86' lang='lat' dir='ltr'><strong>ponatur,</strong></span> 
     </span>
     <span class='ocr_line' id='line_1_15' title="bbox 414 2452 1572 2560; baseline 0.003 -32"><span class='ocrx_word' id='word_1_111' title='bbox 414 2467 596 2532; x_wconf 80' lang='lat' dir='ltr'><strong>constare</strong></span> <span class='ocrx_word' id='word_1_112' title='bbox 613 2454 866 2554; x_wconf 73' lang='lat' dir='ltr'><strong>nonpoterit</strong></span> <span class='ocrx_word' id='word_1_113' title='bbox 893 2454 942 2531; x_wconf 88' lang='lat' dir='ltr'><strong>de</strong></span> <span class='ocrx_word' id='word_1_114' title='bbox 971 2452 1179 2556; x_wconf 78' lang='lat' dir='ltr'><strong>subjecto,</strong></span> <span class='ocrx_word' id='word_1_115' title='bbox 1215 2455 1335 2560; x_wconf 89' lang='lat' dir='ltr'><strong>quod·</strong></span> <span class='ocrx_word' id='word_1_116' title='bbox 1370 2457 1520 2560; x_wconf 81' lang='lat' dir='ltr'><strong>diligit,</strong></span> <span class='ocrx_word' id='word_1_117' title='bbox 1570 2459 1572 2466; x_wconf 77' lang='lat'>&#39;</span> 
     </span>
     <span class='ocr_line' id='line_1_16' title="bbox 290 2573 1517 2698; baseline 0.005 -31"><span class='ocrx_word' id='word_1_118' title='bbox 290 2573 291 2578; x_wconf 21' lang='lat'>¹</span> <span class='ocrx_word' id='word_1_119' title='bbox 415 2606 455 2668; x_wconf 89' lang='lat' dir='ltr'><strong>et</strong></span> <span class='ocrx_word' id='word_1_120' title='bbox 465 2592 514 2669; x_wconf 88' lang='lat' dir='ltr'><strong>de</strong></span> <span class='ocrx_word' id='word_1_121' title='bbox 523 2589 698 2695; x_wconf 88' lang='lat' dir='ltr'><strong>Objecto,</strong></span> <span class='ocrx_word' id='word_1_122' title='bbox 709 2594 820 2698; x_wconf 84' lang='lat' dir='ltr'><strong>quod</strong></span> <span class='ocrx_word' id='word_1_123' title='bbox 834 2591 1013 2695; x_wconf 82' lang='lat' dir='ltr'><strong>diligitur.</strong></span> <span class='ocrx_word' id='word_1_124' title='bbox 1038 2591 1085 2672; x_wconf 92' lang='lat' dir='ltr'><strong>ln</strong></span> <span class='ocrx_word' id='word_1_125' title='bbox 1096 2593 1235 2696; x_wconf 85' lang='lat' dir='ltr'><strong>plurali</strong></span> <span class='ocrx_word' id='word_1_126' title='bbox 1245 2611 1401 2684; x_wconf 87' lang='lat' dir='ltr'><strong>autem,</strong></span> <span class='ocrx_word' id='word_1_127' title='bbox 1428 2621 1517 2673; x_wconf 90' lang='lat' dir='ltr'><strong>cum</strong></span> 
     </span>
     <span class='ocr_line' id='line_1_17' title="bbox 406 2727 1516 2838; baseline 0.005 -31"><span class='ocrx_word' id='word_1_128' title='bbox 406 2727 677 2811; x_wconf 82' lang='lat' dir='ltr'><strong>&#39;Accusativia</strong></span> <span class='ocrx_word' id='word_1_129' title='bbox 712 2734 960 2812; x_wconf 87' lang='lat' dir='ltr'><strong>Nominativo</strong></span> <span class='ocrx_word' id='word_1_130' title='bbox 996 2733 1163 2813; x_wconf 80' lang='lat' dir='ltr'><strong>llexione</strong></span> <span class='ocrx_word' id='word_1_131' title='bbox 1201 2733 1516 2838; x_wconf 80' lang='lat' dir='ltr'><strong>distinguantur,</strong></span> 
     </span>
     <span class='ocr_line' id='line_1_18' title="bbox 406 2856 1514 2977; baseline 0.008 -32"><span class='ocrx_word' id='word_1_132' title='bbox 406 2887 498 2946; x_wconf 84' lang='lat' dir='ltr'><strong>&#39;non</strong></span> <span class='ocrx_word' id='word_1_133' title='bbox 532 2856 622 2949; x_wconf 83' lang='lat' dir='ltr'><strong>licet</strong></span> <span class='ocrx_word' id='word_1_134' title='bbox 658 2874 857 2952; x_wconf 89' lang='lat' dir='ltr'><strong>Genitivos</strong></span> <span class='ocrx_word' id='word_1_135' title='bbox 884 2867 1120 2952; x_wconf 80' lang='lat' dir='ltr'><strong>Accusativis</strong></span> <span class='ocrx_word' id='word_1_136' title='bbox 1159 2876 1199 2950; x_wconf 94' lang='lat' dir='ltr'><strong>in</strong></span> <span class='ocrx_word' id='word_1_137' title='bbox 1232 2874 1362 2977; x_wconf 89' lang='lat' dir='ltr'><strong>lingua</strong></span> <span class='ocrx_word' id='word_1_138' title='bbox 1402 2875 1514 2954; x_wconf 79' lang='lat' dir='ltr'><strong>slavi-</strong></span> 
     </span>
     <span class='ocr_line' id='line_1_19' title="bbox 351 3009 1514 3115; baseline 0.003 -26"><span class='ocrx_word' id='word_1_139' title='bbox 351 3055 356 3070; x_wconf 81' lang='lat'><strong>·</strong></span> <span class='ocrx_word' id='word_1_140' title='bbox 416 3035 459 3089; x_wconf 91' lang='lat' dir='ltr'><strong>ca</strong></span> <span class='ocrx_word' id='word_1_141' title='bbox 489 3009 750 3102; x_wconf 76' lang='lat' dir='ltr'><strong>substituere,</strong></span> <span class='ocrx_word' id='word_1_142' title='bbox 777 3015 953 3115; x_wconf 90' lang='lat' dir='ltr'><strong>quamvis</strong></span> <span class='ocrx_word' id='word_1_143' title='bbox 978 3013 1019 3088; x_wconf 90' lang='lat' dir='ltr'><strong>id</strong></span> <span class='ocrx_word' id='word_1_144' title='bbox 1047 3011 1182 3091; x_wconf 83' lang='lat' dir='ltr'><strong>Russis</strong></span> <span class='ocrx_word' id='word_1_145' title='bbox 1213 3015 1264 3089; x_wconf 85' lang='lat' dir='ltr'><strong>ita</strong></span> <span class='ocrx_word' id='word_1_146' title='bbox 1300 3013 1514 3114; x_wconf 83' lang='lat' dir='ltr'><strong>placuerit,</strong></span> 
     </span>
     <span class='ocr_line' id='line_1_20' title="bbox 415 3127 1517 3258; baseline 0.005 -31"><span class='ocrx_word' id='word_1_147' title='bbox 415 3164 462 3228; x_wconf 82' lang='lat' dir='ltr'><strong>u&#39;t</strong></span> <span class='ocrx_word' id='word_1_148' title='bbox 485 3147 734 3230; x_wconf 79' lang='lat' dir='ltr'><strong>Accusativos</strong></span> <span class='ocrx_word' id='word_1_149' title='bbox 754 3152 924 3254; x_wconf 82' lang='lat' dir='ltr'><strong>plurales</strong></span> <span class='ocrx_word' id='word_1_150' title='bbox 948 3127 1031 3229; x_wconf 89' lang='lat' dir='ltr'><strong>non</strong></span> <span class='ocrx_word' id='word_1_151' title='bbox 1052 3154 1146 3232; x_wconf 92' lang='lat' dir='ltr'><strong>alios</strong></span> <span class='ocrx_word' id='word_1_152' title='bbox 1164 3169 1381 3255; x_wconf 87' lang='lat' dir='ltr'><strong>agnoscant</strong></span> <span class='ocrx_word' id='word_1_153' title='bbox 1403 3155 1448 3230; x_wconf 94' lang='lat' dir='ltr'><strong>in</strong></span> <span class='ocrx_word' id='word_1_154' title='bbox 1459 3156 1517 3258; x_wconf 92' lang='lat' dir='ltr'><strong>ip-</strong></span> 
     </span>
     <span class='ocr_line' id='line_1_21' title="bbox 416 3288 1512 3406; baseline 0.007 -40"><span class='ocrx_word' id='word_1_155' title='bbox 416 3288 468 3366; x_wconf 86' lang='lat' dir='ltr'><strong>sis</strong></span> <span class='ocrx_word' id='word_1_156' title='bbox 494 3289 799 3370; x_wconf 86' lang='lat' dir='ltr'><strong>declinationum</strong></span> <span class='ocrx_word' id='word_1_157' title='bbox 816 3293 1143 3397; x_wconf 82' lang='lat' dir='ltr'><strong>paradigmatibus</strong></span> <span class='ocrx_word' id='word_1_158' title='bbox 1156 3314 1277 3397; x_wconf 84' lang='lat' dir='ltr'><strong>quam</strong></span> <span class='ocrx_word' id='word_1_159' title='bbox 1295 3297 1512 3406; x_wconf 81' lang='lat' dir='ltr'><strong>Genitivos.</strong></span> 
     </span>
     <span class='ocr_line' id='line_1_22' title="bbox 377 3417 1508 3534; baseline 0.001 -27"><span class='ocrx_word' id='word_1_160' title='bbox 377 3520 379 3525; x_wconf 85' lang='lat'><em>.</em></span> <span class='ocrx_word' id='word_1_161' title='bbox 415 3429 527 3510; x_wconf 87' lang='lat' dir='ltr'><strong>Prov.</strong></span> <span class='ocrx_word' id='word_1_162' title='bbox 553 3442 620 3522; x_wconf 75' lang='lat'><strong>22,</strong></span> <span class='ocrx_word' id='word_1_163' title='bbox 645 3445 678 3510; x_wconf 77' lang='lat'><strong>2.</strong></span> <span class='ocrx_word' id='word_1_164' title='bbox 703 3446 809 3510; x_wconf 86' lang='lat' dir='ltr'><strong>recte</strong></span> <span class='ocrx_word' id='word_1_165' title='bbox 836 3417 1101 3534; x_wconf 86' lang='lat' dir='ltr'><strong>Ostrogiensis</strong></span> <span class='ocrx_word' id='word_1_166' title='bbox 1122 3435 1353 3512; x_wconf 82' lang='lat' dir='ltr'><strong>Accusativo</strong></span> <span class='ocrx_word' id='word_1_167' title='bbox 1364 3437 1508 3513; x_wconf 84' lang='lat' dir='ltr'><strong>utitur:</strong></span> 
     </span>
     <span class='ocr_line' id='line_1_23' title="bbox 417 3570 1513 3685; baseline 0.003 -35"><span class='ocrx_word' id='word_1_168' title='bbox 417 3600 483 3654; x_wconf 80' lang='lat' dir='ltr'><strong>ona</strong></span> <span class='ocrx_word' id='word_1_169' title='bbox 509 3601 644 3654; x_wconf 76' lang='lat' dir='ltr'><strong>matra</strong></span> <span class='ocrx_word' id='word_1_170' title='bbox 670 3576 712 3652; x_wconf 68' lang='grc' dir='ltr'><strong>’ἡ</strong></span> <span class='ocrx_word' id='word_1_171' title='bbox 739 3597 952 3685; x_wconf 77' lang='lat' dir='ltr'><strong>curtopaa,</strong></span> <span class='ocrx_word' id='word_1_172' title='bbox 979 3585 1018 3648; x_wconf 91' lang='lat' dir='ltr'><strong>at</strong></span> <span class='ocrx_word' id='word_1_173' title='bbox 1038 3572 1164 3649; x_wconf 90' lang='lat' dir='ltr'><strong>editor</strong></span> <span class='ocrx_word' id='word_1_174' title='bbox 1175 3570 1423 3676; x_wconf 88' lang='lat' dir='ltr'><strong>llosquensis</strong></span> <span class='ocrx_word' id='word_1_175' title='bbox 1435 3579 1513 3678; x_wconf 87' lang='lat' dir='ltr'><strong>pri·</strong></span> 
     </span>
     <span class='ocr_line' id='line_1_24' title="bbox 415 3701 1512 3818; baseline 0.007 -32"><span class='ocrx_word' id='word_1_176' title='bbox 415 3733 506 3786; x_wconf 86' lang='lat' dir='ltr'><strong>mae</strong></span> <span class='ocrx_word' id='word_1_177' title='bbox 530 3731 693 3814; x_wconf 81' lang='lat' dir='ltr'><strong>manum</strong></span> <span class='ocrx_word' id='word_1_178' title='bbox 719 3711 919 3788; x_wconf 88' lang='lat' dir='ltr'><strong>continere</strong></span> <span class='ocrx_word' id='word_1_179' title='bbox 941 3735 1024 3786; x_wconf 91' lang='lat' dir='ltr'><strong>non</strong></span> <span class='ocrx_word' id='word_1_180' title='bbox 1049 3701 1209 3812; x_wconf 49' lang='lat' dir='ltr'><strong>potuim}</strong></span> <span class='ocrx_word' id='word_1_181' title='bbox 1232 3707 1336 3818; x_wconf 84' lang='lat' dir='ltr'><strong>quin·</strong></span> <span class='ocrx_word' id='word_1_182' title='bbox 1358 3717 1512 3794; x_wconf 88' lang='lat' dir='ltr'><strong>Geniti·</strong></span> 
     </span>
     <span class='ocr_line' id='line_1_25' title="bbox 412 3846 1513 3952; baseline 0.004 -22"><span class='ocrx_word' id='word_1_183' title='bbox 412 3873 512 3930; x_wconf 78' lang='lat' dir='ltr'><strong>vum</strong></span> <span class='ocrx_word' id='word_1_184' title='bbox 527 3849 684 3926; x_wconf 85' lang='lat' dir='ltr'><strong>dualem</strong></span> <span class='ocrx_word' id='word_1_185' title='bbox 709 3875 806 3930; x_wconf 77' lang='lat' dir='ltr'><strong>onon</strong></span> <span class='ocrx_word' id='word_1_186' title='bbox 832 3851 1095 3952; x_wconf 77' lang='lat' dir='ltr'><strong>substitueret</strong></span> <span class='ocrx_word' id='word_1_187' title='bbox 1122 3846 1305 3929; x_wconf 71' lang='lat' dir='ltr'><strong>(Jorre&#39;cta</strong></span> <span class='ocrx_word' id='word_1_188' title='bbox 1332 3877 1448 3933; x_wconf 89' lang='lat' dir='ltr'><strong>nnnc</strong></span> <span class='ocrx_word' id='word_1_189' title='bbox 1463 3859 1513 3935; x_wconf 85' lang='lat' dir='ltr'><strong>le·</strong></span> 
     </span>
     <span class='ocr_line' id='line_1_26' title="bbox 416 3977 1511 4107; baseline 0.008 -43"><span class='ocrx_word' id='word_1_190' title='bbox 416 3989 472 4091; x_wconf 84' lang='lat' dir='ltr'><strong>git</strong></span> <span class='ocrx_word' id='word_1_191' title='bbox 497 3987 708 4090; x_wconf 89' lang='lat' dir='ltr'><strong>pluralem:</strong></span> <span class='ocrx_word' id='word_1_192' title='bbox 736 3977 857 4092; x_wconf 64' lang='lat' dir='ltr'><strong>occup</strong></span> <span class='ocrx_word' id='word_1_193' title='bbox 883 4017 927 4068; x_wconf 78' lang='lat' dir='ltr'><strong>ata</strong></span> <span class='ocrx_word' id='word_1_194' title='bbox 955 3994 1029 4096; x_wconf 55' lang='lat' dir='ltr'><strong>rga</strong></span> <span class='ocrx_word' id='word_1_195' title='bbox 1058 4017 1239 4107; x_wconf 70' lang='lat' dir='ltr'><strong>conrepta.</strong></span> <span class='ocrx_word' id='word_1_196' title='bbox 1266 3989 1331 4085; x_wconf 79' lang='lat' dir='ltr'><strong>Sic</strong></span> <span class='ocrx_word' id='word_1_197' title='bbox 1362 4008 1403 4072; x_wconf 88' lang='lat' dir='ltr'><strong>et</strong></span> <span class='ocrx_word' id='word_1_198' title='bbox 1425 3992 1511 4072; x_wconf 80' lang='lat' dir='ltr'><strong>lsai.</strong></span> 
     </span>
     <span class='ocr_line' id='line_1_27' title="bbox 421 4127 1506 4236; baseline 0.011 -35"><span class='ocrx_word' id='word_1_199' title='bbox 421 4127 484 4215; x_wconf 84' lang='lat'><strong>13,</strong></span> <span class='ocrx_word' id='word_1_200' title='bbox 514 4135 568 4208; x_wconf 79' lang='lat' dir='ltr'><strong>at.</strong></span> <span class='ocrx_word' id='word_1_201' title='bbox 594 4130 782 4228; x_wconf 84' lang='lat' dir='ltr'><strong>syntaxim</strong></span> <span class='ocrx_word' id='word_1_202' title='bbox 794 4131 986 4208; x_wconf 82' lang='lat' dir='ltr'><strong>russicam</strong></span> <span class='ocrx_word' id='word_1_203' title='bbox 1010 4133 1142 4234; x_wconf 87' lang='lat' dir='ltr'><strong>potius</strong></span> <span class='ocrx_word' id='word_1_204' title='bbox 1153 4134 1274 4210; x_wconf 89' lang='lat' dir='ltr'><strong>secuti</strong></span> <span class='ocrx_word' id='word_1_205' title='bbox 1300 4137 1506 4236; x_wconf 87' lang='lat' dir='ltr'><strong>quamsla-</strong></span> 
     </span>
     <span class='ocr_line' id='line_1_28' title="bbox 302 4259 1506 4388; baseline 0.01 -48"><span class='ocrx_word' id='word_1_206' title='bbox 302 4376 308 4388; x_wconf 30' lang='grc' dir='ltr'>Ι</span> <span class='ocrx_word' id='word_1_207' title='bbox 405 4259 843 4371; x_wconf 72' lang='lat' dir='ltr'><strong>&#39;vica&#39;m,rlccusativum</strong></span> <span class='ocrx_word' id='word_1_208' title='bbox 864 4297 982 4374; x_wconf 68' lang='lat' dir='ltr'><strong>naga</strong></span> <span class='ocrx_word' id='word_1_209' title='bbox 1008 4271 1047 4347; x_wconf 92' lang='lat' dir='ltr'><strong>in</strong></span> <span class='ocrx_word' id='word_1_210' title='bbox 1068 4271 1506 4355; x_wconf 85' lang='lat' dir='ltr'><strong>Genitivummutarnnt</strong></span> 
     </span>
    </p>
   </div>
   <div class='ocr_carea' id='block_1_3' title="bbox 1362 4407 1463 4490">
    <p class='ocr_par' dir='ltr' id='par_1_4' title="bbox 1362 4407 1463 4490">
     <span class='ocr_line' id='line_1_29' title="bbox 1362 4407 1463 4490; baseline 0 0"><span class='ocrx_word' id='word_1_211' title='bbox 1362 4407 1463 4490; x_wconf 79' lang='lat' dir='ltr'><strong>cor-</strong></span> 
     </span>
    </p>
   </div>
   <div class='ocr_carea' id='block_1_4' title="bbox 0 0 1579 5170">
    <p class='ocr_par' dir='ltr' id='par_1_5' title="bbox 0 0 1579 5170">
     <span class='ocr_line' id='line_1_30' title="bbox 0 0 1579 5170; baseline 0 0"><span class='ocrx_word' id='word_1_212' title='bbox 0 0 1579 5170; x_wconf 95' lang='lat' dir='ltr'><strong> </strong></span> 
     </span>
    </p>
   </div>
   <div class='ocr_carea' id='block_1_5' title="bbox 1571 177 1573 1276">
    <p class='ocr_par' dir='ltr' id='par_1_6' title="bbox 1571 177 1573 1276">
     <span class='ocr_line' id='line_1_31' title="bbox 1571 177 1573 1276; baseline 0 0"><span class='ocrx_word' id='word_1_213' title='bbox 1571 177 1573 1276; x_wconf 95' lang='lat' dir='ltr'><strong> </strong></span> 
     </span>
    </p>
   </div>
  </div>
 </body>
</html>
