3132 5144
450 445 539 520 urv
1549 459 1559 516 t

454 641 613 742 giensem
644 639 867 717 immutatum
900 587 1189 745 (staffile-lustro)
1225 641 1468 742 exprimerent.
1512 649 1559 724 ln

249 753 252 761 Ι
323 807 325 812 ·
452 780 777 879 Psalmis‚(quibus
791 795 826 856 et
835 779 1018 856 Athanasii
1029 782 1176 880 epistola
1187 781 1230 856 ad
1255 783 1502 863 Marcellinum
1517 788 1560 862 tle

455 920 742 1020 interpretatione
757 920 982 995 Psalmomm
999 922 1150 1019 praefixa
1169 937 1239 1010 ost,
1260 927 1401 1018 quaein
1432 925 1560 1004 Ostro-

458 1059 568 1160 gicnsi
603 1061 739 1160 abest),
764 1061 1011 1138 vocabulaalia
1036 1063 1073 1134 in
1091 1063 1302 1161 Mosqucnsi
1321 1063 1416 1167 legis
1431 1091 1465 1166 p.
1478 1067 1558 1162 ὶ187

449 1159 602 1272 nionlri·
634 1203 677 1288 In
699 1201 754 1276 his
782 1203 875 1278 enim
898 1203 1109 1280 excudendis
1127 1231 1200 1278 non
1222 1199 1555 1304 Ostrogicnsc,setl

452 1339 545 1418 aliud
572 1339 748 1440 exemplar
772 1345 883 1416 secuti
908 1349 1001 1420 sunt.
1052 1343 1194 1424 Addam
1228 1345 1272 1436 dc
1297 1342 1553 1441 exemplaribus

453 1479 695 1581 Ostrogiensis
714 1481 873 1556 editionis
886 1481 1167 1560 observationem
1183 1485 1254 1560 Dn.
1282 1482 1475 1584 Kopitarii,
1504 1481 1556 1554 ni·

384 1669 387 1675 ,
450 1620 581 1692 mirum
598 1619 809 1698 sotiumcos
837 1615 942 1720 (276)
968 1624 1078 1700 luisse
1101 1625 1373 1723 reimpressum,
1399 1645 1483 1694 cum
1494 1619 1559 1700 Jo-⁴

316 1763 319 1774 '
450 1759 487 1834 bi
504 1761 591 1862 Cap.
619 1765 715 1838 XLI.
752 1761 841 1840 linea
864 1765 985 1848 ultima
1009 1763 1189 1863 exemplar
1212 1763 1451 1838 Bibliothecae
1462 1761 1555 1834 Ceo·

269 1961 272 1970 .
361 1995 365 2003 Ι
451 1923 572 1988 sarone
597 1899 687 2002 legat
698 1903 822 2014 cffnqs
839 1902 914 1977 sinc
925 1905 1084 2010 sequenti
1109 1903 1292 2004 sso,quod
1317 1903 1352 1980 in
1368 1897 1555 2007 exemplari

450 2035 533 2112 Rll.
554 2037 626 2112 ΡΡ.
653 2042 844 2115 Scotorum
862 2040 988 2116 lineam
1008 2041 1145 2118 claudit.
1194 2043 1369 2118 Praelatio
1394 2041 1439 2114 dc
1462 2039 1553 2114 utili·

450 2190 523 2249 tatc
537 2173 695 2251 lectionis
711 2179 749 2252 S.
775 2179 1004 2280 scripturae,
1031 2198 1066 2256 et
1085 2181 1229 2257 disticha
1254 2181 1447 2270 slavonica,
1474 2178 1552 2278 qui·

397 2362 401 2370 ·
451 2312 520 2386 bus
555 2313 660 2388 editio
688 2316 775 2392 haec
825 2335 858 2393 et
887 2319 1007 2396 laudes
1058 2321 1169 2396 Ducis
1213 2318 1433 2395 Constantini
1462 2315 1562 2392 celo'

452 2431 615 2544 branton,
642 2473 821 2534 auctorem
840 2427 979 2534 habent.
995 2462 1219 2536 Gerasimuru
1237 2456 1436 2536 Daniloviu.
1463 2455 1553 2527 Gra·

452 2594 597 2668 vissime
611 2595 828 2672 halucinatus
856 2615 909 2674 cst
934 2600 959 2675 J
967 2627 1048 2674 aco
1061 2592 1142 2676 lrus
1168 2596 1397 2696 Suura,qui
1413 2595 1448 2668 io
1462 2593 1550 2668 libro

453 2730 642 2824 *Saulus
669 2752 705 2810 ct
727 2705 901 2812 Paulus
926 2739 1113 2815 Ruthcnac
1138 2739 1280 2814 unionis
1297 2737 1442 2810 -sive
1462 2735 1552 2808 Mo·

454 2869 597 2946 letius
632 2876 946 2952 Smotriscius
987 2879 1287 2980 Archicpiscopus
1320 2875 1552 2977 Hierapolita-

454 3037 542 3086 uus«
568 3013 733 3115 inscripto
768 3035 802 3092 ct
827 3019 967 3095 Romae
995 3021 1090 3096 1666
1134 3019 1248 3110 edito,
1280 3017 1374 3093 hunc
1411 3014 1553 3093 Gerasi-

338 3134 345 3150 ’
456 3176 575 3242 mum,
601 3153 788 3234 Daniloviu
817 3153 1058 3258 (Smotrislri),
1102 3176 1242 3264 patrenr
1272 3156 1427 3246 Meletii,
1472 3154 1553 3228 olim

456 3291 800 3392 Vico-capitaneum
835 3298 947 3372 castri
990 3296 1281 3388 Camenecensis,
1323 3297 1448 3372 deinde
1481 3318 1554 3368 rec·

434 3497 436 3504 ,
456 3446 571 3507 torem
590 3435 786 3511 academiae
803 3437 1064 3539 Ostrogiensis,
1084 3455 1261 3514 auctorem
1282 3437 1452 3510 versionis
1477 3431 1553 3512 Sla-

403 3549 418 3567 ’
456 3575 602 3650 vonicae
623 3557 785 3680 Ostrogil
804 3577 915 3652 editae
926 3575 1091 3651 asseruit.
1119 3575 1213 3650 Curn
1232 3577 1325 3665 onim
1348 3601 1430 3649 eum
1442 3576 1554 3648 Grae·

456 3739 577 3788 carum
601 3717 879 3816 Latinarumque
890 3715 1082 3806 literarum,
1107 3741 1174 3792 nec
1186 3740 1258 3797 non
1271 3713 1481 3816 slavonicae
1493 3711 1555 3786 lin·

456 3880 547 3956 guae
582 3883 742 3960 gnarum!
760 3849 871 3930 luis'se
900 3855 1066 3946 dixisset,
1093 3856 1204 3956 adlit:
1231 3853 1349 3956 rcujus
1375 3853 1424 3926 rci
1453 3847 1563 3952 argfi·=

368 3975 373 3982 ⁴
456 4012 577 4070 mento
598 4011 680 4070 sunt
713 3971 880 4094 perutiles
915 3995 979 4071 toti
1006 3995 1159 4071 Russiao
1185 3994 1260 4094 cius
1286 3993 1553 4074 lucubrationes,

455 4133 569 4210 Biblia
592 4135 721 4212 scilicet
747 4160 766 4209 c
793 4135 930 4210 Gracco
950 4150 984 4210 ct
1005 4136 1132 4210 Latino
1151 4157 1315 4208 sermone
1331 4132 1367 4206 in
1393 4127 1553 4208 Slavoui·

455 4301 537 4349 cum
571 4300 672 4351 vcrsa
712 4291 746 4350 et
788 4275 980 4376 Ostrogiac
1006 4273 1104 4350 ducis
1148 4273 1364 4350 memorandi
1392 4268 1556 4372 impensis·

949 4401 959 4422 ⁰
1435 4409 1507 4482 etli-
