3132 5144
407 447 477 524 tx

391 641 491 723 :bola
528 643 622 718 Cum
639 633 947 740 tamentpu'aedam
976 615 1155 729 omiserit,
1182 639 1246 714 alia
1282 639 1454 717 addiderit
1487 661 1531 726 et

404 763 611 873 nntium,
646 777 758 854 nolim
785 803 867 854 cum
890 779 1086 880 Sopilovio
1118 805 1210 881 opus
1238 781 1308 855 lroc
1334 783 1529 886 singulare

302 917 305 922 ’
406 924 596 1001 editionem
612 919 749 997 Meletii
766 921 905 996 tertiam
925 915 990 1025 aut
1014 919 1205 998 secundam
1217 931 1314 1014 (cum
1334 923 1529 998 Vilnensis

405 1066 450 1144 A.
476 1065 653 1166 1629‘vix
674 1059 800 1155 exstet)
833 1057 1020 1161 appellare.
1064 1055 1263 1160 Appositae
1282 1063 1319 1136 in
1340 1063 1411 1138 line
1433 1079 1532 1142 sunt

402 1222 475 1281 tres
502 1203 733 1309 appendices:
763 1204 799 1299 t)
824 1202 1018 1276 Discursus
1036 1201 1225 1276 Maximi
1257 1203 1431 1278 Graeci
1472 1203 1528 1278 de

403 1347 553 1420 utilitate
575 1344 846 1420 Grammaticae.
863 1337 867 1346 ’
882 1325 921 1434 ej
954 1341 1200 1443 Interpretatio
1226 1341 1403 1419 slavonica
1435 1346 1526 1418 No·

403 1479 541 1560 minum
572 1489 797 1561 Sanctorum.
834 1487 873 1583 ὅ)
907 1483 1073 1588 Analysis
1108 1482 1259 1557 duarum
1285 1483 1523 1564 orationum.

403 1618 539 1698 llas'et
560 1615 709 1699 seorsim
722 1641 780 1700 van.
812 1627 905 1721 1782
921 1624 966 1696 in
987 1624 1019 1700 8.
1038 1627 1215 1723 Mosquae
1241 1601 1431 1725 impressas
1451 1626 1526 1715 haq

281 1793 284 1800 ’
401 1763 481 1839 beo.
506 1766 606 1842 Male
620 1767 725 1840 tribui
735 1757 795 1839 ”alr
821 1765 996 1863 aliquibus
1022 1765 1112 1839 lranc
1140 1755 1413 1841 Grammaticam
1432 1770 1522 1843 Ma·

402 1899 498 2016 ¹ximo·
530 1907 670 1984 Graeco
689 1913 785 1982 recte
803 1905 942 1979 monuit
964 1878 1193 2004 Sopilovius.
1218 1906 1421 2005 Exemplari
1444 1906 1518 1981 hu·
1546 1887 1548 1890 ⁵

400 2041 457 2142 ius
476 2037 872 2143 Grammaticam'quod
902 2061 1017 2122 servat
1046 2031 1256 2120 bibliotheca
1283 2047 1517 2146 Upsalensis,

400 2185 534 2285 passim
574 2163 774 2270 versionem
801 2185 941 2259 latinam
985 2185 1133 2288 margini
1160 2183 1342 2286 adscripsit
1374 2188 1463 2286 Spa
1476 2213 1516 2262 r·
1547 2269 1549 2280 Ι

389 2309 710 2408 ,ἱνειιῐείἆίπεζ
756 2319 861 2401 Ha'oc'
883 2341 1001 2400 autom
1028 2323 1146 2400 versio
1170 2315 1237 2399 'rix'
1254 2325 1318 2398 alia
1348 2351 1426 2400 esse
1460 2327 1517 2402 vi-

400 2464 527 2556 detur,
554 2491 660 2565 quam
687 2493 747 2556 ea,
783 2467 826 2541 ad
853 2481 961 2566 quam
985 2451 1234 2568 perficiendam
1255 2455 1513 2567 ¹Sparlren·

399 2605 595 2684 soldius
619 2590 798 2706 Mosquae
815 2589 869 2682 an.
899 2609 994 2686 1686
1015 2607 1175 2682 hortatus
1202 2622 1256 2680 est
1280 2631 1509 2711 anonymum,

404 2747 464 2843 qui
489 2745 616 2826 Nissa'e
626 2733 806 2824 MDCXC
820 2731 861 2822 in*
873 2748 906 2824 4.
919 2731 1127 2849 »Exemplar
1138 2745 1344 2822 characteris
1366 2727 1518 2822 Mosco-

314 2903 320 2968 ζ
404 2871 715 2964 vilico-ruthenici
742 2859 890 2990 duplidis
908 2889 1094 2986 Biblici·et
1115 2887 1266 2962 usualis«
1285 2887 1320 2960 in
1341 2903 1512 2987 quatuor,

404 3038 439 3096 et
456 3015 744 3103 Declinationum
761 3031 1024 3105 terminationes
1049 3030 1084 3104 in
1104 3029 1261 3129 quinque
1284 3018 1420 3103 tabellis
1440 3029 1512 3101 aeri
1549 3083 1550 3086 ,

402 3160 520 3237 incisis
547 3165 669 3250 edidit.
719 3171 756 3244 Is
789 3170 883 3245 cuim
921 3171 965 3245 de
991 3162 1115 3244 studio
1138 3169 1278 3272 linguae
1305 3165 1515 3244 slavonicae

404 3295 583 3402 Mosquae
600 3309 803 3384 continuato
826 3321 863 3384 et
884 3309 927 3383 de
951 3273 1113 3392 ¹versione
1133 3309 1391 3386 Grammaticae
1428 3335 1446 3381 a
1472 3333 1514 3381 se

406 3443 568 3523 conlecta
589 3445 739 3548 loquens
765 3443 828 3524 ait:
855 3449 984 3544 »Quod
1004 3473 1126 3542 meum
1148 3448 1305 3553 studium
1341 3475 1421 3523 cum
1449 3471 1514 3548 ap·

254 3691 261 3703 .
405 3583 591 3682 probasset
606 3582 734 3662 nobilis
744 3587 923 3662 Dominus
932 3571 1097 3664 doanncs'
1110 3589 1350 3689 =Spalrrcrtleld
1362 3591 1510 3676 Svccus,

255 3805 270 3820 n
364 3786 366 3792 .
403 3721 542 3818 juvenis
572 3728 869 3827 praeclarissimus
906 3747 940 3804 ct
964 3757 1049 3805 suae
1074 3731 1185 3831 gentis
1218 3753 1301 3828 spcs
1321 3725 1510 3814 maxima,

406 3861 637 3962 plurimarum
659 3849 858 3970 lingnamm
885 3872 1134 3970 peritissimus,
1162 3869 1221 3968 qui
1249 3893 1291 3942 eo
1321 3868 1397 3966 ipso
1421 3882 1512 3953 tem·

407 4020 495 4101 pore
520 4005 854 4109 agebatMosquac,
881 4035 1030 4110 eamque
1040 4008 1196 4110 linguam
1215 4005 1329 4082 didicit
1342 3986 1510 4083 Ruthcdo

405 4145 544 4243 pariter,
569 4149 723 4246 porrexit
740 4113 827 4224 milri
852 4147 1127 4276 Grammaticpm
1151 4146 1267 4222 susam
1284 4146 1360 4224 sola
1395 4145 1507 4248 lingua
1540 4111 1550 4124 ³

407 4279 589 4364 urthenica
607 4273 756 4380 editam,
781 4303 821 4366 ut
848 4315 924 4368 eam
949 4271 1021 4392 pro
1042 4315 1124 4368 meo
1165 4288 1329 4368 exercitio
1347 4285 1511 4363 latinitate

747 4423 750 4428 ’
1330 4441 1336 4452 ’
1402 4427 1462 4502 do·
