3132 5144
391 423 464 496 ‘VI

408 569 636 717 descripsisse
651 643 693 693 ex
714 643 756 692 ee
766 675 777 710 ,
801 617 900 718 quod
918 564 1132 696 (Theodorus
1144 617 1289 694 ultimus
1313 617 1535 724 Archiepis·

362 765 367 772 '
408 783 520 858 copus
546 753 770 876 salonitanus
790 760 892 834 scribi
911 758 1040 838 fecerit.
1066 758 1191 856 Voluit
1219 762 1386 840 nimirum
1407 768 1536 843 Nico-

409 897 485 978 laus
505 898 616 990 scriba
634 897 756 973 fucum
777 900 892 974 lacere
910 899 1053 990 lectori,
1076 917 1110 976 et
1131 925 1219 976 eum
1226 902 1296 982 hac
1313 905 1449 1012 ratione
1465 909 1535 981 in·
1551 959 1554 980 r

415 1039 562 1132 ducere,
589 1055 630 1114 ut
649 1037 901 1146 crederet.1am
926 1041 1085 1138 ducentis
1111 1043 1210 1119 annis
1237 1061 1318 1134 ante
1343 1047 1533 1151 Cyrillum

410 1180 610 1279 versionem
629 1177 794 1260 slavicam
814 1161 975 1280 Rsalterii
994 1183 1185 1267 exstitisse·
1227 1184 1304 1260 Nee
1321 1185 1453 1260 mirum
1484 1186 1536 1260 id*

412 1291 810 1416 Sc'emensilsenien'si)
820 1321 987 1438 episcopo
1006 1319 1076 1420 jam
1087 1323 1198 1398 luisse
1209 1349 1431 1423 persuasum,
1455 1328 1524 1425 qui

412 1473 539 1558 petens
560 1458 839 1561 ab·Innocentio
875 1461 938 1534 IV.
966 1459 1158 1560 licentiam,
1193 1469 1297 1538 sacra
1321 1467 1522 1568 peragendi

296 1649 348 1715 ,ἱ
415 1594 534 1697 lingua
554 1597 751 1691 slavonica,
780 1596 999 1698 traditionem
1031 1603 1238 1680 clericorum
1267 1606 1527 1696 asserentium,

243 1820 250 1843 x
323 1805 324 1808 ,
414 1737 654 1828 ιιιὶἰιιιιιιι
680 1741 956 1839 specialem,
983 1742 1347 1842 quam-observarent
1371 1745 1407 1820 in
1433 1745 1525 1818 divi·

412 1877 468 1948 ni's
484 1875 608 1954 officiis
630 1878 865 1971 celebrandis,
890 1911 909 1957 a
933 1886 974 1958 B.
1001 1886 1221 1986 Hieronymo
1237 1881 1384 1972 habere,
1413 1884 1523 1978 etiam

415 2019 509 2118 apud
535 2007 947 2096 summum⁰Pontilicem
973 2024 1090 2096 valere
1113 2047 1222 2120 posse
1243 2019 1396 2113 credidit.
1425 2023 1525 2120 Con,

417 2159 521 2234 cessit
547 2159 723 2234 licentiam
747 2160 909 2256 Pontifex
934 2189 987 2236 an.
1019 2164 1111 2240 1248
1133 2131 1386 2234 hisceverliis:
1413 2163 1546 2252 *Nos

362 2312 364 2316 ’
416 2298 522 2400 igitur
548 2285 782 2390 attendentes,
810 2301 906 2402 quod
931 2330 1048 2382 sermo
1066 2305 1115 2377 rei
1134 2318 1168 2376 et
1190 2272 1262 2374 non
1287 2325 1344 2374 res
1365 2317 1417 2374 est
1446 2283 1527 2374 ser-⁸

396 2441 516 2535 ,anoni
533 2418 708 2538 subjecta,
733 2443 907 2518 licentiam
931 2445 1009 2534 tibi,
1035 2444 1070 2518 in
1093 2444 1158 2520 illis
1176 2437 1522 2538 duntaxatpartibus,

420 2579 542 2652 ubido
561 2583 814 2658 consuetudine
840 2583 1070 2658 observantur
1089 2585 1300 2683 praemissa,
1325 2577 1522 2652 dummodo

352 2687 355 2694 Ι
422 2721 590 2796 sententia
603 2747 642 2796 cx
660 2719 774 2820 ipsius
783 2722 955 2802 ‚varietate
972 2722 1089 2799 literae
1108 2751 1180 2798 non
1198 2723 1374 2818 laedatur,
1402 2733 1526 2792 aucto·

414 2826 526 2933 ¹ritate
542 2863 779 2960 praesentium
801 2863 1028 2938 concedimus
1046 2863 1288 2964 postulatann.

521 3001 590 3075 Ab·
621 3004 690 3076 hec
723 3002 841 3100 itaque
876 3019 1037 3103 tempere
1064 3002 1308 3104 distinguenda
1331 3014 1431 3097 sunt.
1453 2999 1526 3074 due

426 3141 625 3242 Alphabeta
664 3141 871 3231 Slavonica,
918 3142 1071 3221 alterum
1113 3141 1335 3246 Cyrillicum,
1377 3139 1554 3247 alterum¹

426 3282 742 3385 Hieronymianum
767 3282 910 3356 dictum.
948 3273 1233 3383 Distinguendus
1263 3305 1408 3380 quoque
1437 3279 1526 3354 ritus

429 3421 562 3538 Slavo-
545 3399 905 3524 -graecusaSlavo-
889 3421 1040 3511 -latino,
1069 3447 1220 3522 quorum
1232 3421 1371 3521 primus
1388 3415 1529 3492 Codici-

429 3521 554 3666 busC)
555 3563 678 3638 rillicis
695 3561 1295 3654 (Russicis,Serbicis,Moldavicis,
1306 3557 1529 3659 Bulgarieis),

192 3701 198 3718 '
323 3735 333 3748 ’
431 3697 517 3772 alter
538 3699 728 3778 Codicibus
749 3677 965 3804 Glagciliticis
992 3703 1198 3777 continetur.
1293 3755 1345 3778 ..

409 3933 411 3940 y
533 3844 563 3939 ᾗ
573 3851 609 3916 ὖ.
626 3843 769 3946 Cyrillo,
780 3842 927 3943 ejusque
937 3843 1030 3916 fratri
1041 3840 1235 3927 Methodie,
1254 3833 1530 3912 Slavicasccele·

433 3983 501 4055 sias
529 3981 656 4058 debere
677 3953 828 4085 primam
845 3982 1042 4058 versionem
1053 3981 1220 4054 librorum
1231 4001 1420 4082 sacrorum,
1431 4000 1528 4074 pror-

433 4149 494 4198 sus
516 4123 672 4212 dubitare
688 4151 762 4200 non
782 4123 872 4200 licet.
900 4123 1036 4198 Sivero
1064 4121 1342 4238 quaeram-quos
1361 4115 1396 4189 in
1412 4113 1524 4214 speeie

391 4309 394 4320 ‹
430 4260 538 4341 libros
557 4293 576 4340 e
594 4292 715 4369 graeca
735 4260 856 4368 lingua·
869 4263 905 4338 in
933 4261 1095 4352 slavicam
1123 4256 1372 4372 transtulerint,
1391 4257 1521 4330 nonln·

1418 4392 1478 4468 cile
